[gd_scene load_steps=27 format=3 uid="uid://cmnn0m56xrg12"]

[ext_resource type="PackedScene" uid="uid://dpaad1c11nig1" path="res://game/ecs/entities/player_entity.tscn" id="1_1ljge"]
[ext_resource type="Script" path="res://game/scenes/driving.gd" id="1_kr7nt"]
[ext_resource type="PackedScene" uid="uid://dno06wgomkdbt" path="res://game/scenes/streets/street_a.tscn" id="2_jsjv8"]
[ext_resource type="PackedScene" uid="uid://b13ycsbsqevrx" path="res://game/ecs/entities/street_entity.tscn" id="2_lbpdy"]
[ext_resource type="PackedScene" uid="uid://0u7e28yvv1go" path="res://game/ecs/entities/camera_entity.tscn" id="2_twvak"]
[ext_resource type="Script" path="res://addons/gs_ecs/group.gd" id="3_ea5ns"]
[ext_resource type="PackedScene" uid="uid://dxwnupnbtkmq2" path="res://game/scenes/streets/street_b.tscn" id="3_oflb5"]
[ext_resource type="PackedScene" uid="uid://dq13d2eq2lerg" path="res://game/ecs/systems/input_system.tscn" id="4_tecm2"]
[ext_resource type="PackedScene" uid="uid://btih2t1lkdwep" path="res://game/scenes/buildings/building_a.tscn" id="5_3xaa7"]
[ext_resource type="PackedScene" uid="uid://buvvvm06xc8i2" path="res://game/ecs/systems/player_speed_system.tscn" id="5_dncot"]
[ext_resource type="PackedScene" uid="uid://c8cpwps8wfimk" path="res://game/ecs/systems/camera_system.tscn" id="6_nnu57"]
[ext_resource type="PackedScene" uid="uid://div72q2tslirs" path="res://game/scenes/buildings/building_b.tscn" id="6_tows0"]
[ext_resource type="PackedScene" uid="uid://ceiyqenos75o1" path="res://game/scenes/buildings/building_c.tscn" id="7_56ht0"]
[ext_resource type="PackedScene" uid="uid://pltvpemcai60" path="res://game/scenes/buildings/building_d.tscn" id="8_kd377"]
[ext_resource type="PackedScene" uid="uid://b1rjcl500icfe" path="res://game/ecs/systems/move_system.tscn" id="9_c8x13"]
[ext_resource type="PackedScene" uid="uid://b3f08rbhwuohx" path="res://game/ecs/entities/radar_entity.tscn" id="9_dpbaf"]
[ext_resource type="PackedScene" uid="uid://c0w0aw7q2ukwe" path="res://game/ecs/entities/police_entity.tscn" id="10_arhi5"]
[ext_resource type="PackedScene" uid="uid://bfh7m6yxydsm1" path="res://game/ecs/entities/car_entity.tscn" id="11_v2ff5"]
[ext_resource type="PackedScene" uid="uid://yfnrk386hc1m" path="res://game/scenes/completed.tscn" id="12_eg6wj"]
[ext_resource type="PackedScene" uid="uid://cmcwfsknwxgp1" path="res://game/scenes/failed.tscn" id="13_dk0ji"]
[ext_resource type="PackedScene" uid="uid://b6jqfdbbjr28e" path="res://game/ecs/systems/police_system.tscn" id="18_nh82n"]
[ext_resource type="PackedScene" uid="uid://r177n6a0837t" path="res://game/ecs/systems/car_system.tscn" id="19_kgsxw"]
[ext_resource type="Texture2D" uid="uid://cxssovly3t04u" path="res://game/assets/kenney_ui-pack/PNG/grey_button03.png" id="23_cb5yo"]
[ext_resource type="FontFile" uid="uid://dgxv4kmimxobx" path="res://game/assets/POWER_UP.ttf" id="24_pusap"]
[ext_resource type="Texture2D" uid="uid://cu7d7n0xo4asv" path="res://game/assets/kenney_ui-pack/PNG/blue_circle.png" id="25_hlu0q"]

[sub_resource type="SystemFont" id="SystemFont_7n5wa"]
font_names = PackedStringArray("Consolas")
subpixel_positioning = 0
msdf_pixel_range = 14

[node name="Driving" type="Node2D"]
script = ExtResource("1_kr7nt")
street_entity = ExtResource("2_lbpdy")
streets = Array[PackedScene]([ExtResource("2_jsjv8"), ExtResource("3_oflb5")])
buildings = Array[PackedScene]([ExtResource("5_3xaa7"), ExtResource("6_tows0"), ExtResource("7_56ht0"), ExtResource("8_kd377")])
radar_scene = ExtResource("9_dpbaf")
police_scene = ExtResource("10_arhi5")
car_scene = ExtResource("11_v2ff5")
completed_scene = ExtResource("12_eg6wj")
failed_scene = ExtResource("13_dk0ji")

[node name="Entities" type="Node2D" parent="."]
y_sort_enabled = true

[node name="StreetRoot" type="Node2D" parent="Entities"]
position = Vector2(0, 512)
scale = Vector2(4, 4)

[node name="StreetEntity" parent="Entities/StreetRoot" instance=ExtResource("2_lbpdy")]
visible = false

[node name="PlayerEntity" parent="Entities" instance=ExtResource("1_1ljge")]

[node name="CameraEntity" parent="Entities/PlayerEntity" instance=ExtResource("2_twvak")]
scale = Vector2(0.25, 0.25)

[node name="Systems" type="Node2D" parent="."]

[node name="Run" type="Node" parent="Systems"]
script = ExtResource("3_ea5ns")

[node name="InputSystem" parent="Systems/Run" instance=ExtResource("4_tecm2")]

[node name="PlayerSpeedSystem" parent="Systems/Run" instance=ExtResource("5_dncot")]

[node name="MoveSystem" parent="Systems/Run" instance=ExtResource("9_c8x13")]

[node name="CameraSystem" parent="Systems/Run" instance=ExtResource("6_nnu57")]

[node name="CarSystem" parent="Systems/Run" instance=ExtResource("19_kgsxw")]

[node name="Paused" type="Node" parent="Systems"]
script = ExtResource("3_ea5ns")

[node name="Idle" type="Node" parent="Systems"]
script = ExtResource("3_ea5ns")

[node name="Start" type="Node" parent="Systems"]
script = ExtResource("3_ea5ns")

[node name="Police" type="Node" parent="Systems"]
script = ExtResource("3_ea5ns")

[node name="PoliceSystem" parent="Systems/Police" instance=ExtResource("18_nh82n")]

[node name="Collided" type="Node" parent="Systems"]
script = ExtResource("3_ea5ns")

[node name="CameraSystem" parent="Systems/Collided" instance=ExtResource("6_nnu57")]

[node name="CarSystem" parent="Systems/Collided" instance=ExtResource("19_kgsxw")]

[node name="UI" type="CanvasLayer" parent="."]

[node name="Debug" type="Label" parent="UI"]
visible = false
anchors_preset = 15
anchor_right = 1.0
anchor_bottom = 1.0
offset_left = 688.0
offset_top = 16.0
offset_right = -26.0
offset_bottom = -60.0
grow_horizontal = 2
grow_vertical = 2
theme_override_fonts/font = SubResource("SystemFont_7n5wa")
theme_override_font_sizes/font_size = 12
text = "Hello World"

[node name="Background" type="Panel" parent="UI/Debug"]
z_index = -99
layout_mode = 1
anchors_preset = 15
anchor_right = 1.0
anchor_bottom = 1.0
grow_horizontal = 2
grow_vertical = 2

[node name="Control" type="Control" parent="UI"]
layout_mode = 3
anchors_preset = 0
offset_right = 1024.0
offset_bottom = 512.0

[node name="Panel" type="Panel" parent="UI/Control"]
layout_mode = 1
anchors_preset = 2
anchor_top = 1.0
anchor_bottom = 1.0
offset_left = 6.0
offset_top = -74.0
offset_right = 404.0
offset_bottom = 17.0
grow_vertical = 0

[node name="SpeedProgress" type="TextureProgressBar" parent="UI/Control"]
custom_minimum_size = Vector2(10, 10)
layout_mode = 1
anchors_preset = 2
anchor_top = 1.0
anchor_bottom = 1.0
offset_left = 16.0
offset_top = -17.0
offset_right = 206.0
offset_bottom = 32.0
grow_vertical = 0
scale = Vector2(2, 0.5)
max_value = 400.0
value = 400.0
texture_progress = ExtResource("23_cb5yo")
tint_progress = Color(1, 0, 0, 1)

[node name="Speed" type="Label" parent="UI/Control"]
layout_mode = 1
anchors_preset = 2
anchor_top = 1.0
anchor_bottom = 1.0
offset_left = 16.0
offset_top = -64.0
offset_right = 91.0
offset_bottom = -32.0
grow_vertical = 0
theme_override_fonts/font = ExtResource("24_pusap")
theme_override_font_sizes/font_size = 32
text = "SPEED"

[node name="Money" type="Label" parent="UI/Control"]
layout_mode = 1
offset_left = 16.0
offset_top = 16.0
offset_right = 91.0
offset_bottom = 48.0
theme_override_fonts/font = ExtResource("24_pusap")
theme_override_font_sizes/font_size = 32
text = "MONEY"

[node name="XP" type="Label" parent="UI/Control"]
layout_mode = 1
offset_left = 16.0
offset_top = 64.0
offset_right = 101.0
offset_bottom = 96.0
theme_override_fonts/font = ExtResource("24_pusap")
theme_override_font_sizes/font_size = 32
text = "MONEY"

[node name="Timer" type="Label" parent="UI/Control"]
layout_mode = 1
anchors_preset = 1
anchor_left = 1.0
anchor_right = 1.0
offset_left = -181.0
offset_top = 48.0
offset_right = -96.0
offset_bottom = 111.0
grow_horizontal = 0
theme_override_fonts/font = ExtResource("24_pusap")
theme_override_font_sizes/font_size = 32
text = "10.1"
horizontal_alignment = 1
vertical_alignment = 1

[node name="TextureRect" type="TextureRect" parent="UI/Control/Timer"]
z_index = -99
layout_mode = 1
anchors_preset = 8
anchor_left = 0.5
anchor_top = 0.5
anchor_right = 0.5
anchor_bottom = 0.5
offset_left = -60.0
offset_top = -60.0
offset_right = -20.0
offset_bottom = -20.0
grow_horizontal = 2
grow_vertical = 2
scale = Vector2(3, 3)
texture = ExtResource("25_hlu0q")

[node name="Timer1" type="Timer" parent="."]
wait_time = 1.5
one_shot = true

[node name="Timer2" type="Timer" parent="."]
wait_time = 7.0

[node name="Timer3" type="Timer" parent="."]
wait_time = 1.5

[connection signal="timeout" from="Timer1" to="." method="_on_timer_1_timeout"]
[connection signal="timeout" from="Timer2" to="." method="_on_timer_2_timeout"]
[connection signal="timeout" from="Timer3" to="." method="_on_timer_3_timeout"]
