[gd_scene load_steps=51 format=3 uid="uid://bfh7m6yxydsm1"]

[ext_resource type="Texture2D" uid="uid://wugqa1xvl2gy" path="res://game/assets/Pixel Vehicle Pack/PNG/Cars/towtruck.png" id="1_5o0h1"]
[ext_resource type="Script" path="res://game/ecs/entities/car_entity.gd" id="1_busoy"]
[ext_resource type="Texture2D" uid="uid://dw77w6btusto4" path="res://game/assets/Pixel Vehicle Pack/PNG/Cars/ambulance.png" id="2_2kr6p"]
[ext_resource type="Texture2D" uid="uid://b4c3pny1j17kf" path="res://game/assets/Pixel Vehicle Pack/PNG/Cars/buggy.png" id="3_ai5bv"]
[ext_resource type="Texture2D" uid="uid://crmu4cmcmqo0n" path="res://game/assets/Pixel Vehicle Pack/PNG/Cars/bus.png" id="4_23636"]
[ext_resource type="Texture2D" uid="uid://f562jw6bkt45" path="res://game/assets/Pixel Vehicle Pack/PNG/Cars/bus_school.png" id="5_o0ci5"]
[ext_resource type="Texture2D" uid="uid://b1irdytt5l8o6" path="res://game/assets/Pixel Vehicle Pack/PNG/Cars/convertible.png" id="6_sjlem"]
[ext_resource type="Texture2D" uid="uid://ckeljunr1wu5a" path="res://game/assets/Pixel Vehicle Pack/PNG/Cars/cycle.png" id="7_oty7y"]
[ext_resource type="Texture2D" uid="uid://be5vhs7xpdpsg" path="res://game/assets/Pixel Vehicle Pack/PNG/Cars/cycle_low.png" id="8_4wxyc"]
[ext_resource type="Texture2D" uid="uid://b0v3tqq8hxrh5" path="res://game/assets/Pixel Vehicle Pack/PNG/Cars/firetruck.png" id="9_8wamr"]
[ext_resource type="Texture2D" uid="uid://c62v6cumplxc0" path="res://game/assets/Pixel Vehicle Pack/PNG/Cars/formula.png" id="10_fs8jr"]
[ext_resource type="Texture2D" uid="uid://dwrtuy5yqe1t4" path="res://game/assets/Pixel Vehicle Pack/PNG/Cars/hotdog.png" id="11_nodfg"]
[ext_resource type="Texture2D" uid="uid://bv88ugbtjqdci" path="res://game/assets/Pixel Vehicle Pack/PNG/Cars/kart.png" id="12_xlh6y"]
[ext_resource type="Texture2D" uid="uid://d16u7qq16xw4l" path="res://game/assets/Pixel Vehicle Pack/PNG/Cars/riot.png" id="13_eaqmc"]
[ext_resource type="Texture2D" uid="uid://cpxhfaulgqnvi" path="res://game/assets/Pixel Vehicle Pack/PNG/Cars/rounded_green.png" id="14_0c1k7"]
[ext_resource type="Texture2D" uid="uid://xsnyovsipfvc" path="res://game/assets/Pixel Vehicle Pack/PNG/Cars/rounded_red.png" id="15_u1n6u"]
[ext_resource type="Texture2D" uid="uid://do5bvebjwgbd8" path="res://game/assets/Pixel Vehicle Pack/PNG/Cars/rounded_yellow.png" id="16_j2q15"]
[ext_resource type="Texture2D" uid="uid://b5pl8ebuveurw" path="res://game/assets/Pixel Vehicle Pack/PNG/Cars/scooter.png" id="17_e7ps4"]
[ext_resource type="Texture2D" uid="uid://cbhkp44dalnor" path="res://game/assets/Pixel Vehicle Pack/PNG/Cars/sedan.png" id="18_4on1u"]
[ext_resource type="Texture2D" uid="uid://p5saw4lbr4rl" path="res://game/assets/Pixel Vehicle Pack/PNG/Cars/sedan_blue.png" id="19_5i7h8"]
[ext_resource type="Texture2D" uid="uid://docyuaw0dmk0j" path="res://game/assets/Pixel Vehicle Pack/PNG/Cars/sedan_vintage.png" id="20_yl6ve"]
[ext_resource type="Texture2D" uid="uid://2bldsi2s1grg" path="res://game/assets/Pixel Vehicle Pack/PNG/Cars/sports_convertible.png" id="21_n8gf3"]
[ext_resource type="Texture2D" uid="uid://bw40qpmoey36j" path="res://game/assets/Pixel Vehicle Pack/PNG/Cars/sports_green.png" id="22_fjyi1"]
[ext_resource type="Texture2D" uid="uid://bnyejp8g4u0hx" path="res://game/assets/Pixel Vehicle Pack/PNG/Cars/sports_race.png" id="23_olkb6"]
[ext_resource type="Texture2D" uid="uid://xlqtklmbst41" path="res://game/assets/Pixel Vehicle Pack/PNG/Cars/sports_red.png" id="24_bmd66"]
[ext_resource type="Texture2D" uid="uid://dgru8m2bx6wdq" path="res://game/assets/Pixel Vehicle Pack/PNG/Cars/sports_yellow.png" id="25_0ig3g"]
[ext_resource type="Texture2D" uid="uid://cx0gf7let4guw" path="res://game/assets/Pixel Vehicle Pack/PNG/Cars/station.png" id="26_wav3y"]
[ext_resource type="Texture2D" uid="uid://b8uveoq1qru6b" path="res://game/assets/Pixel Vehicle Pack/PNG/Cars/suv.png" id="27_s5e1c"]
[ext_resource type="Texture2D" uid="uid://bpva43tadlpsj" path="res://game/assets/Pixel Vehicle Pack/PNG/Cars/suv_closed.png" id="28_nkfsc"]
[ext_resource type="Texture2D" uid="uid://bxb8uqrqxed25" path="res://game/assets/Pixel Vehicle Pack/PNG/Cars/suv_green.png" id="29_r45mp"]
[ext_resource type="Texture2D" uid="uid://da676ubvu1bo8" path="res://game/assets/Pixel Vehicle Pack/PNG/Cars/suv_large.png" id="30_ong60"]
[ext_resource type="Texture2D" uid="uid://cdj0j5pf13f0l" path="res://game/assets/Pixel Vehicle Pack/PNG/Cars/suv_military.png" id="31_38tse"]
[ext_resource type="Texture2D" uid="uid://c6g8gupebc4ep" path="res://game/assets/Pixel Vehicle Pack/PNG/Cars/suv_travel.png" id="32_ui6cm"]
[ext_resource type="Texture2D" uid="uid://eblebbmprgng" path="res://game/assets/Pixel Vehicle Pack/PNG/Cars/taxi.png" id="33_lmu3c"]
[ext_resource type="Texture2D" uid="uid://c2hybmadcn7xi" path="res://game/assets/Pixel Vehicle Pack/PNG/Cars/tractor.png" id="35_ftljt"]
[ext_resource type="Texture2D" uid="uid://db3r25xc6dccq" path="res://game/assets/Pixel Vehicle Pack/PNG/Cars/transport.png" id="36_26se5"]
[ext_resource type="Texture2D" uid="uid://bvx7ftrr7rtn5" path="res://game/assets/Pixel Vehicle Pack/PNG/Cars/truck.png" id="37_p45su"]
[ext_resource type="Texture2D" uid="uid://ch338gm5pf7r2" path="res://game/assets/Pixel Vehicle Pack/PNG/Cars/truckcabin.png" id="38_gurdw"]
[ext_resource type="Texture2D" uid="uid://ko7lpkuqbiww" path="res://game/assets/Pixel Vehicle Pack/PNG/Cars/truckcabin_vintage.png" id="39_w0wft"]
[ext_resource type="Texture2D" uid="uid://c23kj8ommqire" path="res://game/assets/Pixel Vehicle Pack/PNG/Cars/truckdark.png" id="40_g3qah"]
[ext_resource type="Texture2D" uid="uid://duxrvu3vp06uk" path="res://game/assets/Pixel Vehicle Pack/PNG/Cars/truckdelivery.png" id="41_5iodt"]
[ext_resource type="Texture2D" uid="uid://bjfd25l8lkn6" path="res://game/assets/Pixel Vehicle Pack/PNG/Cars/trucktank.png" id="42_3utbb"]
[ext_resource type="Texture2D" uid="uid://bae30se6y51p0" path="res://game/assets/Pixel Vehicle Pack/PNG/Cars/van.png" id="43_kt61b"]
[ext_resource type="Texture2D" uid="uid://c0fpvysen7e0p" path="res://game/assets/Pixel Vehicle Pack/PNG/Cars/van_flat.png" id="44_vbok5"]
[ext_resource type="Texture2D" uid="uid://dlkhax7bu0loc" path="res://game/assets/Pixel Vehicle Pack/PNG/Cars/van_large.png" id="45_b88k8"]
[ext_resource type="Texture2D" uid="uid://bn8246hosjhcj" path="res://game/assets/Pixel Vehicle Pack/PNG/Cars/van_small.png" id="46_7v2ax"]
[ext_resource type="Texture2D" uid="uid://b161kem4qrb36" path="res://game/assets/Pixel Vehicle Pack/PNG/Cars/vendor.png" id="47_rqgu4"]
[ext_resource type="Texture2D" uid="uid://c7jx7udt5b5i6" path="res://game/assets/Pixel Vehicle Pack/PNG/Cars/vintage.png" id="48_vqs20"]
[ext_resource type="PackedScene" uid="uid://docwsnie6xh1w" path="res://game/ecs/components/car_component.tscn" id="51_7ssdh"]

[sub_resource type="CapsuleShape2D" id="CapsuleShape2D_v1dvw"]
radius = 2.0
height = 50.0

[node name="CarEntity" type="CharacterBody2D"]
y_sort_enabled = true
position = Vector2(32, 32)
scale = Vector2(4, 4)
collision_layer = 2
collision_mask = 25
script = ExtResource("1_busoy")
textures = Array[Texture2D]([ExtResource("2_2kr6p"), ExtResource("3_ai5bv"), ExtResource("4_23636"), ExtResource("5_o0ci5"), ExtResource("6_sjlem"), ExtResource("7_oty7y"), ExtResource("8_4wxyc"), ExtResource("9_8wamr"), ExtResource("10_fs8jr"), ExtResource("11_nodfg"), ExtResource("12_xlh6y"), ExtResource("13_eaqmc"), ExtResource("14_0c1k7"), ExtResource("15_u1n6u"), ExtResource("16_j2q15"), ExtResource("17_e7ps4"), ExtResource("18_4on1u"), ExtResource("19_5i7h8"), ExtResource("20_yl6ve"), ExtResource("21_n8gf3"), ExtResource("22_fjyi1"), ExtResource("23_olkb6"), ExtResource("24_bmd66"), ExtResource("25_0ig3g"), ExtResource("26_wav3y"), ExtResource("27_s5e1c"), ExtResource("28_nkfsc"), ExtResource("29_r45mp"), ExtResource("30_ong60"), ExtResource("31_38tse"), ExtResource("32_ui6cm"), ExtResource("33_lmu3c"), ExtResource("1_5o0h1"), ExtResource("35_ftljt"), ExtResource("36_26se5"), ExtResource("37_p45su"), ExtResource("38_gurdw"), ExtResource("39_w0wft"), ExtResource("40_g3qah"), ExtResource("41_5iodt"), ExtResource("42_3utbb"), ExtResource("43_kt61b"), ExtResource("44_vbok5"), ExtResource("45_b88k8"), ExtResource("46_7v2ax"), ExtResource("47_rqgu4"), ExtResource("48_vqs20")])

[node name="Sprite2D" type="Sprite2D" parent="."]
texture_filter = 1
texture = ExtResource("1_5o0h1")
offset = Vector2(0, -5)

[node name="CollisionShape2D" type="CollisionShape2D" parent="."]
position = Vector2(0, 1)
rotation = 1.5708
shape = SubResource("CapsuleShape2D_v1dvw")

[node name="CarComponent" parent="." instance=ExtResource("51_7ssdh")]
